% This file was created with Citavi 6.10.0.0

@MANUAL {laborpraktikum2022,
    title        = "Laborpraktikum-Angaben",
    author       = "Alexander Sutor",
    organization = "UMIT",
    year         = "2022"
}

@misc{noauthor_grundlagen_nodate,
	title = {Grundlagen der {Piezotechnologie}},
	url = {https://www.piceramic.de/de/expertise/piezotechnologie/grundlagen},
	urldate = {2023-01-09},
	file = {Grundlagen der Piezotechnologie:files/7/grundlagen.html:text/html},
}